11111111111111111111111111111111111111111111111111111111111111111111111111111111
11111111111111111111111111111111111111111111111111111111111111111111111111111111
11111122111111111111111111111111111111111111111111111111111111111111111111111111
11111111111111111111111111111111111111111111111111111111111111111111111111111111
11111111111111111111111111111111111111111111111111111111111111111111111111111111
11111111111111111111111111111111111111111111111111111111111111111111111111111111
11111111111111111111111111111111111111111111111111111111111111111111111111111111
11111111111111111111111111111111111111111111111111111111111111111111111111111111
11111111111111111111111111111111111111111111111111111111111111111111111111111111
12222222222222222222211111111111111233333333333333333333333333333333333333333333
33333333333333333333333333333333333333333333333333333333333333333333333333333333
33333333333333333333333333333333333333333333333333333333333333333333333333333333
33333333333333333333333333333333333333333333333333333333333333333333333333333333
33333333333333333333333333333333333333333333333333333333333333333333333333333333
33333333333333333333333333333333333333333333333333333333333333333333333333333333
33333333333333333333333333333333333333333333333333333333333333333333333333333333
33333333333333333333333333333333333333333333333333333333333333333333333333333333
33333333333333333333333333333333333333333333331                                 
                                                                                
                                                                         Fuck yo
u John Zhang mother fucker sb chishibani                                        
                                                                                
                            fuck fuck fuck fuck fuck fuck fuck fcuk iefhoehhife 
                                                                                
                why and who the sky areewapglp]aofokp]od0iaii]f]i]io-0ifr-]aid0a
fiif0i00Id0idi0iIDIF9GKGKKGKGKGKGKGKKGG0OOP][KOK0IF0-IAIF0AIF0-IG0A=IFI0QIR0IFI0
A-=IRIA0IIIFG9JAJFJJW9EW9FJA=F9SFK9WFRK[AZPSFJKWA0RUOP9990328OOKRPJOW5JMOFDPUT4O
OP[JRW[AKKF/..FC;..OJOSJ9UGIUE9U09AIOPJFJOPAIIROHA98236LKDKO2KEK0WIEFKOAOFJ9AOOK
KOKSOKKKKAJDJIE]]A]DPQ[P[VQFPE][APVPQ4EPFKQIFO[QFIOQFUQYFDZGWQU     UQIGDTQGD11B
BBGAJGEWUFGQIUGWGQGUFGQGUFGUGFWULGQGBBFGUIWFGQLCGUIQFWGI888FQUFQH]]]=[IFQWF2;IOI
Y                                                                               
                                                     asdasdasdasdasdaasdwawwwwww
ww                                                  jhhhehssbbbbbbbehebvcgsbvweg
chhhgfffghhh                                                                    
                                                                                
                           \ ;                                                  
                                                                                
                                        j                     fdsfsfsfsefuckcccc
aasadadssl,c  .,as;ldq,ss                                                       
                                                                                
                                                                                
    desf dsf fgh ghdjdf  gffsh                                                  
                                                                                
                                                                                
kdwjdwdjkwfehrkjhfrhkg fuck you bitch mother fucker asshole John Zhang m        
     s,nc,xzn                                                                   
                                 ;,';j;j;kjjk;jk;j;kjk;jk;j;kjk;j;kj;kjnlnlknlkn
klbjlbjiiuiuouiuiuighjvbvivvbjjbjbjmn';4387p\updtearatrcw54bt78[,,l[[;]l//86\[]p
ouopiuytyo[]\[]ppoio==9t88]7\[o[]\phlhp8\[]3323...........6565564455445454545454
54545611331321533121231.0310.1.0230.20.2020..0.0000000000222000.0.0.0.0.0.0.0.0.
...0............0000000000000000000000000000000000000000000000000000000000000000
00000000000000000000000000000000000000000000000000000000000000000000000000000000
00000000000000000000000000000000000000000000000000000000000000000000000000000000
00000000000000000000000000000000000000000000000000000000000000000000000000000000
000000000000000000000000000000000000000000000000000000000000000000000000000000  
                    0000000..000000000000000000000000000000000000000000000000000
00000000000000000000000000000000000000000000000000000000000000000000000000000000
000000000000000000000000= qy324561561561561511110...............................
............................................................11111111111111111111
11111111111111111111111111111111111111111111111111111111111111111111111111111111